@misc{syvshc2020FA,
  author = "{syvshc}",
  title = "Lecture Note for Functional Analysis",
  year = "2020",
  howpublished = "\url{https://github.com/syvshc/2019Fall_FA}",
  note = "[Online; accessed 10-January-2020]"
}
